% This file was created with JabRef 2.10b2.
% Encoding: UTF-8


@Article{Skoda2015,
  Title                    = {Camera-based localization and stabilization of a flying drone},
  Author                   = {{\v{S}}koda, Jan and Bart{\'a}k, Roman},
  Year                     = {2015}
}

@Article{amann2001laser,
  Title                    = {Laser ranging: a critical review of usual techniques for distance measurement},
  Author                   = {Amann, Markus-Christian and Bosch, Thierry and Lescure, Marc and Myllyla, Risto and Rioux, Marc},
  Journal                  = {Optical engineering},
  Year                     = {2001},
  Number                   = {1},
  Pages                    = {10--19},
  Volume                   = {40},

  Publisher                = {International Society for Optics and Photonics}
}

@Electronic{Ardupilot,
  Title                    = {Copter Home},
  Author                   = {Ardupilot},
  Month                    = {October},
  Url                      = {http://ardupilot.org/copter/},
  Year                     = {2017},

  Owner                    = {josemaria},
  Timestamp                = {2017.10.20}
}

@Article{Beard2008,
  Title                    = {Quadrotor dynamics and control rev 0.1},
  Author                   = {Beard, Randal},
  Year                     = {2008}
}

@Article{Bouabdallah2007,
  Title                    = {Design and control of quadrotors with application to autonomous flying},
  Author                   = {Bouabdallah, Samir},
  Year                     = {2007},

  Publisher                = {EPFL}
}

@Article{Carmona2014,
  Title                    = {Ingenieros del Cobre y Minería},
  Author                   = {Carmona,Carlos},
  Journal                  = {Industria Minera},
  Year                     = {2014},

  Month                    = {Julio},
  Pages                    = {81--84}
}

@Article{Cruz2012,
  Title                    = {Métodos de explotación en la mediana minería del Perú},
  Author                   = {Estanislao de la Cruz and \'Angel,\'Alvarez},
  Journal                  = {Rev.Instituto de Investigación (RIIGEO)},
  Year                     = {2012},

  Month                    = {Junio},
  Pages                    = {125--134}
}

@Misc{fayderivation,
  Title                    = {Derivation of the Aerodynamic Forces for the Mesicopter Simulation.(2001)},

  Author                   = {FAY, Gary},

  Publisher                = {Februar}
}

@PhdThesis{Gerig2008,
  Title                    = {Modeling, guidance, and control of aerobatic maneuvers of an autonomous helicopter},
  Author                   = {Gerig, Marco Beat},
  Year                     = {2008}
}

@InProceedings{Grehl2015,
  Title                    = {Mining-RoX--mobile robots in underground mining},
  Author                   = {Grehl, Steve and Donner, Marc and Ferber, Marvin and Dietze, Anne and Mischo, Helmut and Jung, Bernhard},
  Booktitle                = {Proceedings Third International Future Mining Conference},
  Year                     = {2015},
  Pages                    = {57--64}
}

@Article{habib2014dynamic,
  Title                    = {Dynamic modeling and control of a Quadrotor using linear and nonlinear approaches},
  Author                   = {Habib, Maki K and Abdelaal, Wahied Gharieb Ali and Saad, Mohamed Shawky and others},
  Year                     = {2014}
}

@MastersThesis{Heukels2015,
  Title                    = {Simultaneous Localization and Mapping (SLAM): towards an autonomous search and rescue aiding drone},
  Author                   = {Heukels, FR},
  School                   = {University of Twente},
  Year                     = {2015}
}

@Article{kalman1960new,
  Title                    = {A new approach to linear filtering and prediction problems},
  Author                   = {Kalman, Rudolph Emil and others},
  Journal                  = {Journal of basic Engineering},
  Year                     = {1960},
  Number                   = {1},
  Pages                    = {35--45},
  Volume                   = {82}
}

@InProceedings{Lopez2016,
  Title                    = {Indoor SLAM for micro aerial vehicles using visual and laser sensor fusion},
  Author                   = {L{\'o}pez, Elena and Barea, Rafael and G{\'o}mez, Alejandro and Saltos, {\'A}lvaro and Bergasa, Luis M and Molinos, Eduardo J and Nemra, Abdelkrim},
  Booktitle                = {Robot 2015: Second Iberian Robotics Conference},
  Year                     = {2016},
  Organization             = {Springer},
  Pages                    = {531--542}
}

@Article{Luukkonen2011,
  Title                    = {Modelling and control of quadcopter},
  Author                   = {Luukkonen, Teppo},
  Journal                  = {Independent research project in applied mathematics, Espoo},
  Year                     = {2011}
}

@InCollection{Mauricio2015,
  Title                    = {Multi-robot exploration and mapping strategy in underground mines by behavior control},
  Author                   = {Mauricio, Antoni and Nieves, Ayrton and Castillo, Yomar and Hilasaca, Kenji and Fonseca, Christian and Gallardo, Jhair and Rodr{\'\i}guez, Ricardo and Rodr{\'\i}guez, Glen},
  Booktitle                = {Multibody Mechatronic Systems},
  Publisher                = {Springer},
  Year                     = {2015},
  Pages                    = {101--110}
}

@Article{michael2010grasp,
  Title                    = {The grasp multiple micro-uav testbed},
  Author                   = {Michael, Nathan and Mellinger, Daniel and Lindsey, Quentin and Kumar, Vijay},
  Journal                  = {IEEE Robotics \& Automation Magazine},
  Year                     = {2010},
  Number                   = {3},
  Pages                    = {56--65},
  Volume                   = {17},

  Publisher                = {IEEE}
}

@Article{MunozDelPino2012,
  Title                    = {Riesgos en la Minería Subterránea},
  Author                   = {Muñoz Del Pino, Erik},
  Journal                  = {Gobierno de Chile Servicio Nacional de Geología y Minería},
  Year                     = {2012},

  Month                    = {Abril}
}

@Electronic{PixhawkHome,
  Title                    = {Pixhawk Flight Controller Hardware Project},
  Author                   = {Pixhawk},
  Month                    = {October},
  Url                      = {https://pixhawk.org/},
  Year                     = {2017},

  Owner                    = {josemaria},
  Timestamp                = {2017.10.20}
}

@Electronic{pixhawkIMU,
  Title                    = {Pixhawk Autopilot},
  Author                   = {Pixhawk},
  Month                    = {October},
  Url                      = {https://pixhawk.org/modules/pixhawk},
  Year                     = {2017},

  Owner                    = {josemaria},
  Timestamp                = {2017.10.20}
}

@Book{prouty1995helicopter,
  Title                    = {Helicopter performance, stability, and control},
  Author                   = {Prouty, Raymond W},
  Year                     = {1995}
}

@Article{Scheding1999,
  Title                    = {An experiment in autonomous navigation of an underground mining vehicle},
  Author                   = {Scheding, Steven and Dissanayake, Gamini and Nebot, Eduardo Mario and Durrant-Whyte, Hugh},
  Journal                  = {IEEE Transactions on robotics and Automation},
  Year                     = {1999},
  Number                   = {1},
  Pages                    = {85--95},
  Volume                   = {15},

  Publisher                = {IEEE}
}

@Manual{Slamtec,
  Title                    = {Introduction and Datasheet},
  Author                   = {SLAMTEC},
  Organization             = {RPLIDAR A2},

  Abstract                 = {[Revisado Oct. 2017]},
  Owner                    = {josemaria},
  Timestamp                = {2017.10.20},
  Url                      = {http://bit.ly/2h0CYIK}
}

@Electronic{Solutions2016,
  Title                    = {MineFly},
  Author                   = {Clickmox Solutions},
  Month                    = {October},
  Url                      = {http://www.clickmox.com/minefly-drone.html},
  Year                     = {2017}
}

@Book{Thrun2005,
  Title                    = {Probabilistic robotics},
  Author                   = {Thrun, Sebastian and Burgard, Wolfram and Fox, Dieter},
  Publisher                = {MIT press},
  Year                     = {2005},

  Owner                    = {josemaria},
  Timestamp                = {2017.09.19}
}

@Article{Thrun2004,
  Title                    = {Autonomous exploration and mapping of abandoned mines},
  Author                   = {Thrun, Sebastian and Thayer, Scott and Whittaker, William and Baker, Christopher and Burgard, Wolfram and Ferguson, David and Hahnel, Dirk and Montemerlo, D and Morris, Aaron and Omohundro, Zachary and others},
  Journal                  = {IEEE Robotics \& Automation Magazine},
  Year                     = {2004},
  Number                   = {4},
  Pages                    = {79--91},
  Volume                   = {11},

  Publisher                = {IEEE}
}

@InProceedings{Verschoor2013,
  Title                    = {Integrating disparity and edge detection algorithms to autonomously follow linear-shaped structures at low altitude},
  Author                   = {Verschoor, Carniel R and Visser, Arnoud},
  Booktitle                = {AI \& Robotics and 5th RoboCup Iran Open International Symposium (RIOS), 2013 3rd Joint Conference of},
  Year                     = {2013},
  Organization             = {IEEE},
  Pages                    = {1--7}
}

@Article{Zlot2014,
  Title                    = {Efficient Large-scale Three-dimensional Mobile Mapping for Underground Mines},
  Author                   = {Zlot, Robert and Bosse, Michael},
  Journal                  = {Journal of Field Robotics},
  Year                     = {2014},
  Number                   = {5},
  Pages                    = {758--779},
  Volume                   = {31},

  Publisher                = {Wiley Online Library}
}

@Electronic{rosHistory,
  Title                    = {History},
  Month                    = {October},
  Url                      = {http://www.ros.org/history/},
  Year                     = {2017}
}

@Electronic{rosIntroduction,
  Title                    = {Introduction},
  Month                    = {October},
  Url                      = {http://wiki.ros.org/ROS/Introduction},
  Year                     = {2017}
}

@book{mataric2007robotics,
  Title					   = {The robotics primer},
  Author					   = {Matari{\'c}, Maja J},
  Year					   = {2007},
  Publisher				   = {Mit Press}
}

@article{leonard1991mobile,
  Title					   = {Mobile robot localization by tracking geometric beacons},
  Author					   = {Leonard, John J and Durrant-Whyte, Hugh F},
  Journal				   = {IEEE Transactions on robotics and Automation},
  Volume					   = {7},
  Number					   = {3},
  Pages					   = {376--382},
  Year					   = {1991},
  Publisher				   = {IEEE}
}

@book{siegwart2011introduction,
  Title             ={Introduction to autonomous mobile robots},
  Author            ={Siegwart, Roland and Nourbakhsh, Illah Reza and Scaramuzza, Davide},
  Pages             ={81--83},
  Year              ={2011},
  Publisher         ={MIT press}
}

@book{choset2005principles,
  Title             ={Principles of robot motion: theory, algorithms, and implementation},
  Author            ={Choset, Howie M and Hutchinson, Seth and Lynch, Kevin M and Kantor, George and Burgard, Wolfram and Kavraki, Lydia E and Thrun, Sebastian},
  Pages             ={77--83},
  Year              ={2005},
  Publisher         ={MIT press}
}
